<record><leader>00000cas a22000007a 4500</leader><controlfield tag="001">9357096</controlfield><controlfield tag="008">830329c19uu9999scubx ne      0   a0eng d</controlfield><datafield ind1=" " ind2=" " tag="010"><subfield code="a">sn 83007239 </subfield></datafield><datafield ind1=" " ind2=" " tag="040"><subfield code="a">NSD</subfield><subfield code="b">eng</subfield><subfield code="c">NSD</subfield><subfield code="d">NVK</subfield><subfield code="d">OCLCQ</subfield><subfield code="d">OCLCF</subfield><subfield code="d">OCLCO</subfield></datafield><datafield ind1=" " ind2=" " tag="012"><subfield code="m">1</subfield></datafield><datafield ind1="1" ind2=" " tag="022"><subfield code="a">0745-6735</subfield><subfield code="l">0745-6735</subfield><subfield code="2">1</subfield></datafield><datafield ind1="1" ind2=" " tag="029"><subfield code="a">AU@</subfield><subfield code="b">000025795758</subfield></datafield><datafield ind1=" " ind2=" " tag="032"><subfield code="a">628240</subfield><subfield code="b">USPS</subfield></datafield><datafield ind1=" " ind2=" " tag="037"><subfield code="b">Thornwell, POB 60, Clinton, SC, 29325</subfield></datafield><datafield ind1=" " ind2=" " tag="042"><subfield code="a">nsdp</subfield></datafield><datafield ind1=" " ind2=" " tag="043"><subfield code="a">n-us-sc</subfield></datafield><datafield ind1=" " ind2="0" tag="222"><subfield code="a">Thornwell life</subfield></datafield><datafield ind1="0" ind2="0" tag="245"><subfield code="a">Thornwell life /</subfield><subfield code="c">Thornwell Home and School for Children.</subfield></datafield><datafield ind1=" " ind2=" " tag="260"><subfield code="a">Clinton, S.C. :</subfield><subfield code="b">Thornwell Home and School for Children</subfield></datafield><datafield ind1=" " ind2=" " tag="310"><subfield code="a">Six issues a year</subfield></datafield><datafield ind1=" " ind2=" " tag="321"><subfield code="a">Monthly</subfield></datafield><datafield ind1=" " ind2=" " tag="588"><subfield code="a">Description based on: Vol. 19, no. 1 (Jan. 1945).</subfield></datafield><datafield ind1=" " ind2="0" tag="650"><subfield code="a">Orphanages</subfield><subfield code="z">South Carolina</subfield><subfield code="v">Newspapers.</subfield></datafield><datafield ind1=" " ind2="0" tag="651"><subfield code="a">Clinton (S.C.)</subfield><subfield code="v">Newspapers.</subfield></datafield><datafield ind1=" " ind2="7" tag="655"><subfield code="a">Newspapers.</subfield><subfield code="2">fast</subfield><subfield code="0">(OCoLC)fst01423814</subfield></datafield><datafield ind1=" " ind2="7" tag="650"><subfield code="a">Orphanages.</subfield><subfield code="2">fast</subfield><subfield code="0">(OCoLC)fst01048423</subfield></datafield><datafield ind1=" " ind2="7" tag="651"><subfield code="a">South Carolina.</subfield><subfield code="2">fast</subfield><subfield code="0">(OCoLC)fst01204600</subfield></datafield><datafield ind1=" " ind2="7" tag="651"><subfield code="a">South Carolina</subfield><subfield code="z">Clinton.</subfield><subfield code="2">fast</subfield><subfield code="0">(OCoLC)fst01211956</subfield></datafield><datafield ind1="2" ind2=" " tag="710"><subfield code="a">Thornwell Home and School for Children.</subfield></datafield><datafield ind1=" " ind2=" " tag="752"><subfield code="a">United States</subfield><subfield code="b">South Carolina</subfield><subfield code="c">Laurens</subfield><subfield code="d">Clinton.</subfield></datafield><datafield ind1=" " ind2=" " tag="936"><subfield code="a">Vol. 52, no. 1</subfield></datafield></record>